% @article{fake_citation,
%     author = {Knuth, Donald E.},
%     title = {Structured Programming with \textit{Go to} Statements},
%     year = {1974},
%     issue_date = {Dec. 1974},
%     publisher = {Association for Computing Machinery},
%     address = {New York, NY, USA},
%     volume = {6},
%     number = {4},
%     issn = {0360-0300},
%     url = {https://doi.org/10.1145/356635.356640},
%     doi = {10.1145/356635.356640},
%     journal = {ACM Comput. Surv.},
%     month = dec,
%     pages = {261â€“301},
%     numpages = {41}
% }

@misc{nichol2018gottalearnfast,
      title={Gotta Learn Fast: A New Benchmark for Generalization in RL}, 
      author={Alex Nichol and Vicki Pfau and Christopher Hesse and Oleg Klimov and John Schulman},
      year={2018},
      eprint={1804.03720},
      archivePrefix={arXiv},
      primaryClass={cs.LG}
}

@misc{oh2020creatingprolevelaiforfightinggame,
      title={Creating Pro-Level AI for a Real-Time Fighting Game Using Deep Reinforcement Learning}, 
      author={Inseok Oh and Seungeun Rho and Sangbin Moon and Seongho Son and Hyoil Lee and Jinyun Chung},
      year={2020},
      eprint={1904.03821},
      archivePrefix={arXiv},
      primaryClass={cs.AI}
}

@misc{yang2021overviewmultiagentrl,
      title={An Overview of Multi-Agent Reinforcement Learning from Game Theoretical Perspective}, 
      author={Yaodong Yang and Jun Wang},
      year={2021},
      eprint={2011.00583},
      archivePrefix={arXiv},
      primaryClass={cs.MA}
}

@misc{pearce2021counterstrike,
      title={Counter-Strike Deathmatch with Large-Scale Behavioural Cloning}, 
      author={Tim Pearce and Jun Zhu},
      year={2021},
      eprint={2104.04258},
      archivePrefix={arXiv},
      primaryClass={cs.AI}
}

@misc{rajeswaran2021gametheoreticframework,
      title={A Game Theoretic Framework for Model Based Reinforcement Learning}, 
      author={Aravind Rajeswaran and Igor Mordatch and Vikash Kumar},
      year={2021},
      eprint={2004.07804},
      archivePrefix={arXiv},
      primaryClass={cs.LG}
}

@inproceedings{automaticcomputergamebalancing,
    author = {Andrade, Gustavo and Ramalho, Geber and Santana, Hugo and Corruble, Vincent},
    year = {2005},
    month = {07},
    pages = {1111-1112},
    title = {Automatic computer game balancing: a reinforcement learning approach},
    doi = {10.1145/1082473.1082648}
}

@misc{schulman2017ppo,
      title={Proximal Policy Optimization Algorithms}, 
      author={John Schulman and Filip Wolski and Prafulla Dhariwal and Alec Radford and Oleg Klimov},
      year={2017},
      eprint={1707.06347},
      archivePrefix={arXiv},
      primaryClass={cs.LG}
}

@misc{alonso2020deeplearningnavigation,
      title={Deep Reinforcement Learning for Navigation in AAA Video Games}, 
      author={Eloi Alonso and Maxim Peter and David Goumard and Joshua Romoff},
      year={2020},
      eprint={2011.04764},
      archivePrefix={arXiv},
      primaryClass={cs.LG}
}

@misc{eldan2016powerofdepth,
      title={The Power of Depth for Feedforward Neural Networks}, 
      author={Ronen Eldan and Ohad Shamir},
      year={2016},
      eprint={1512.03965},
      archivePrefix={arXiv},
      primaryClass={cs.LG}
}

@misc{juliani2020unityai,
      title={Unity: A General Platform for Intelligent Agents}, 
      author={Arthur Juliani and Vincent-Pierre Berges and Ervin Teng and Andrew Cohen and Jonathan Harper and Chris Elion and Chris Goy and Yuan Gao and Hunter Henry and Marwan Mattar and Danny Lange},
      year={2020},
      eprint={1809.02627},
      archivePrefix={arXiv},
      primaryClass={cs.LG}
}

@misc{tasse2023rlrewards,
      title={ROSARL: Reward-Only Safe Reinforcement Learning}, 
      author={Geraud Nangue Tasse and Tamlin Love and Mark Nemecek and Steven James and Benjamin Rosman},
      year={2023},
      eprint={2306.00035},
      archivePrefix={arXiv},
      primaryClass={cs.LG}
}

@misc{buffet2020reinforcementlearning,
      title={Reinforcement Learning}, 
      author={Olivier Buffet and Olivier Pietquin and Paul Weng},
      year={2020},
      eprint={2005.14419},
      archivePrefix={arXiv},
      primaryClass={cs.LG}
}

@misc{shao2019survey,
      title={A Survey of Deep Reinforcement Learning in Video Games}, 
      author={Kun Shao and Zhentao Tang and Yuanheng Zhu and Nannan Li and Dongbin Zhao},
      year={2019},
      eprint={1912.10944},
      archivePrefix={arXiv},
      primaryClass={cs.MA}
}

@misc{hung2022rlgame2048,
      title={On Reinforcement Learning for the Game of 2048}, 
      author={Hung Guei and I-Chen Wu},
      year={2022},
      eprint={2212.11087},
      archivePrefix={arXiv},
      primaryClass={cs.LG}
}

@misc{liu2022efficientstarcraft2,
      title={On Efficient Reinforcement Learning for Full-length Game of StarCraft II}, 
      author={Ruo-Ze Liu and Zhen-Jia Pang and Zhou-Yu Meng and Wenhai Wang and Yang Yu and Tong Lu},
      year={2022},
      eprint={2209.11553},
      archivePrefix={arXiv},
      primaryClass={cs.LG}
}

@misc{moschopoulos2023lucyskgrocketleague,
      title={Lucy-SKG: Learning to Play Rocket League Efficiently Using Deep Reinforcement Learning}, 
      author={Vasileios Moschopoulos and Pantelis Kyriakidis and Aristotelis Lazaridis and Ioannis Vlahavas},
      year={2023},
      eprint={2305.15801},
      archivePrefix={arXiv},
      primaryClass={cs.LG}
}

@misc{gilbert2023rewardreports,
      title={Reward Reports for Reinforcement Learning}, 
      author={Thomas Krendl Gilbert and Nathan Lambert and Sarah Dean and Tom Zick and Aaron Snoswell},
      year={2023},
      eprint={2204.10817},
      archivePrefix={arXiv},
      primaryClass={cs.LG}
}

@article{Fran_ois_Lavet_2018_rlintro,
	doi = {10.1561/2200000071},
  
	url = {https://doi.org/10.1561%2F2200000071},
  
	year = 2018,
	publisher = {Now Publishers},
  
	volume = {11},
  
	number = {3-4},
  
	pages = {219--354},
  
	author = {Vincent Fran{\c{c}
}ois-Lavet and Peter Henderson and Riashat Islam and Marc G. Bellemare and Joelle Pineau},
  
	title = {An Introduction to Deep
		                  Reinforcement Learning},
  
	journal = {Foundations and Trends{\textregistered} in Machine Learning}
}

@ARTICLE{Bellman_MDP,
    author = "Richard Bellman",
     title = "A Markovian Decision Process",
   journal = "Indiana Univ. Math. J.",
  fjournal = "Indiana University Mathematics Journal",
    volume = 6,
      year = 1957,
     issue = 4,
     pages = "679--684",
      issn = "0022-2518",
     coden = "IUMJAB",
   mrclass = "",
}

@misc{paduraru2019automatic,
      title={Automatic difficulty management and testing in games using a framework based on behavior trees and genetic algorithms}, 
      author={Ciprian Paduraru and Miruna Paduraru},
      year={2019},
      eprint={1909.04368},
      archivePrefix={arXiv},
      primaryClass={cs.AI}
}

@misc{mlagents_pypi,
  title = {mlagents},
  howpublished = {\url{https://pypi.org/project/mlagents/}},
  note = {Accessed: 2023-08-29}
}

@misc{mlagents_api_docs,
  title = {ML Agents Unity API documentation},
  howpublished = {\url{https://docs.unity3d.com/Packages/com.unity.ml-agents@2.3/api/}},
  note = {Accessed: 2023-08-29}
}

@misc{hanetho2023policygradients,
      title={Deep Policy Gradient Methods in Commodity Markets}, 
      author={Jonas Hanetho},
      year={2023},
      eprint={2308.01910},
      archivePrefix={arXiv},
      primaryClass={q-fin.TR}
}

# TODO: sa caut ceva paper cu pedepse si recompense
#
#